<?xml version="1.0" encoding="UTF-8"?><collection xmlns="http://www.loc.gov/MARC21/slim"><record><leader>00359nam--2200133-i-4500</leader><controlfield tag="001">000009755</controlfield><controlfield tag="002">20161230</controlfield><controlfield tag="005">20161230201028</controlfield><controlfield tag="008">060222s1000------------r-----000-0-eng-d</controlfield><datafield ind1=" " ind2=" " tag="100"><subfield code="a">Duncan, A.B.F</subfield></datafield><datafield ind1=" " ind2=" " tag="245"><subfield code="a">Rydberg series in atoms and molecules</subfield></datafield><datafield ind1=" " ind2=" " tag="260"><subfield code="a">New York, Academic Press, 1971</subfield></datafield><datafield ind1=" " ind2=" " tag="490"><subfield code="a">Physical Chemistry. A Series Of Monographs</subfield></datafield><datafield ind1=" " ind2=" " tag="852"><subfield code="a">539</subfield></datafield></record></collection>